<?xml version="1.0" encoding="UTF-8"?><collection xmlns="http://www.loc.gov/MARC21/slim"><record><leader>00435nam--2200145-i-4500</leader><controlfield tag="001">000001810</controlfield><controlfield tag="002">20161230</controlfield><controlfield tag="005">20161230201024</controlfield><controlfield tag="008">060222s1000------------r-----000-0-eng-d</controlfield><datafield ind1=" " ind2=" " tag="080"><subfield code="a">537.222.22:538.95:538.971</subfield></datafield><datafield ind1=" " ind2=" " tag="100"><subfield code="a">Frankl, Daniel R</subfield></datafield><datafield ind1=" " ind2=" " tag="245"><subfield code="a">Electrical properties of semiconductor surface</subfield></datafield><datafield ind1=" " ind2=" " tag="260"><subfield code="a">Oxford, Pergamon Press, 1967. Xv + 310 P</subfield></datafield><datafield ind1=" " ind2=" " tag="490"><subfield code="a">International Series Of Monographs On Semiconductors</subfield></datafield><datafield ind1=" " ind2=" " tag="852"><subfield code="a">16384</subfield></datafield></record></collection>